% This file was created with JabRef 2.10.
% Encoding: UTF8


@Book{AnagogFilters,
  Title                    = {Analog FIlters},
  Author                   = {Kendall Su},
  Publisher                = {Kluwer Academic Publishers},
  Year                     = {2002},
  Edition                  = {2. ed.},

  Owner                    = {Daniel},
  Timestamp                = {2016.11.23}
}

