% This file was created with JabRef 2.10.
% Encoding: UTF8

@Manual{datasheet:saradc,
  Title                    = {ADC Successive Approximation Register},
  Author                   = {Cypress Semiconductor Corporation},
  Publisher                = {Cypress Semiconductor Corporation},
  Year                     = {2015},
  Revision                 = {3.0},
  Url                      = {http://www.cypress.com/file/179601/download},
  
  Owner                    = {Mads},
  Timestamp                = {2016.12.20}
}

@Manual{datasheet:dcmotor,
	Title                    = {Axem Disc DC Servo Motor Manual},
	Author                   = {Parvex},
	Publisher                = {Parvex},
	Year                     = {2003},
	Revision                 = {1.0},
	Url                      = {https://inverterdrive.com/file/Axem-Disc-DC-Servo-Motor-Manual},
	
	Owner                    = {Maxime},
	Timestamp                = {2017.03.02}
}

@Manual{datasheet:maxon,
	Title                    = {Maxon Escon 50/5 Servocontroller},
	Author                   = {MaxonMotor},
	Url                      = {http://www.maxonmotor.com/maxon/view/product/control/4-Q-Servokontroller/409510},
	
	Owner                    = {Jacob},
	Timestamp                = {2017.05.17}
}