% This file was created with JabRef 2.10.
% Encoding: UTF8


@Mastersthesis{ADCSAAUSAT3,
  Title                    = {Attitude Determination and Control System for AAUSAT3},
  Author                   = {Kasper Fuglsang Jensen AND Kasper Vinther},
  School                   = {Aalborg University, Department of Electronic Systems},
  Year                     = {2010},

  Lastvisit                = {2 March 2016},
  Url                      = {http://projekter.aau.dk/projekter/da/studentthesis/attitude-determination-and-control-system-for-aausat3(8e599f5e-b02b-4ad9-8707-6cb80466b3ea).html},

  Timestamp                = {2015.09.11}
}
