% This file was created with JabRef 2.10.
% Encoding: UTF8


@Article{Newspaper_article,
  Title                    = {Titel},
  Author                   = {Newspaper article},
  Issue                    = {Issue},
  Journal                  = {Which paper},
  Pages                    = {Pagenr},
  Volume                   = {Volume},
  Year                     = {Year},

  HowPublished             = {Put "online" if the report is only available online.},
  Institution              = {Doesn't matter},
  Lastvisit                = {Last visit of the page formattet like this: dd mmmm yyyy},
  Url                      = {Link},

  Owner                    = {alexander},
  Timestamp                = {2015.09.11}
}

