% This file was created with JabRef 2.10.
% Encoding: UTF8


@Phdthesis{PhD-report,
  Title                    = {Titel},
  Author                   = {{PhD-report}},
  School                   = {University and faculty},
  Year                     = {Year},

  Lastvisit                = {Last visit of the page formattet like this: dd mmmm yyyy},
  Url                      = {Link},

  Owner                    = {alexander},
  Timestamp                = {2015.09.11}
}

