% This file was created with JabRef 2.10.
% Encoding: UTF8

@Article{sci_article:haps_for_wireless_comm,
  Title                    = {High-altitude platforms for wireless communications},
  Author                   = {Tim Tozer AND David Grace},
  Issue                    = {3},
  Journal                  = {IEEE Xplore},
  Pages                    = {127 to 137},
  Volume                   = {13},
  Year                     = {2001},

  HowPublished             = {IEEE Journal, online},
  Institution              = {The University of York},
  Lastvisit                = {05 Oct. 2016},
  Url                      = {https://www.researchgate.net/publication/3364645_High-altitude_platforms_for_wireless_communications},

  Owner                    = {alexander},
  Timestamp                = {2015.10.05}
}

@Article{sci_article:InvertedPendulumHistory,
	Title                    = {History of Inverted-Pendulum Systems},
	Author                   = {Kent H. Lundberg, Taylor W. Barton},
	Issue                    = {24},
	Journal                  = {IFAC},
	Pages                    = {131 to 135},
	Volume                   = {42},
	Year                     = {2010},
	
	HowPublished             = {Journal, online},
	Institution              = {The University of York},
	Lastvisit                = {26 May 2017},
	Url                      = {http://www.sciencedirect.com/science/article/pii/S1474667015316049},
	
	Owner                    = {maxime},
	Timestamp                = {2017.05.26}
}

