% This file was created with JabRef 2.10.
% Encoding: UTF8


@Manual{SpaceWire_standard,
  Title                    = {SpaceWire},
  Author                   = {ECSS},
  Publisher                = {ECSS Secretariat},
  Year                     = {2008},

  Institution              = {European Cooperation for Space Standardization},
  Lastvisit                = {8 mar 2016},
  Revision                 = {2.},
  Url                      = {http://www.ecss.nl/forums/ecss/_templates/default.htm?target=http://www.ecss.nl/forums/ecss/dispatch.cgi/standards/docProfile/100302/d20060808084754/No/t100302.htm},

  Owner                    = {alexander},
  Timestamp                = {2016.03.04}
}

