% This file was created with JabRef 2.10.
% Encoding: UTF8

@Techreport{Technical_report,
  Title                    = {Titel},
  Author                   = {{Technical Report}},
  Publisher                = {Published by},
  Year                     = {Year},

  Address                  = {The physical address where the report is published},
  HowPublished             = {Put "online" if the report is only available online.},
  Lastvisit                = {Last visit of the page formattet like this: dd mmmm yyyy},
  Pages                    = {If specific pages are used},
  Url                      = {Link},

  Owner                    = {Jakob},
  Timestamp                = {2015.09.11}
}



