% This file was created with JabRef 2.10.
% Encoding: UTF8


@Misc{web:rocketnasa,
  Title                    = {rocket},

  Author                   = {Tom Benson},
  Year                     = {2014},

  Lastupdate               = {22 October 2015},
  Lastvisit                = {14 February 2017},
  Owner                    = {Maxime},
  Timestamp                = {2017.2.14},
  Url                      = {https://spaceflightsystems.grc.nasa.gov/education/rocket/rktstabc.html}
}

@Misc{web:PWMfreq,
  Title                    = {Speed Controllers},

  Author                   = {Paul Hills},
  Year                     = {2005},

  Lastupdate               = {5 Ocotober 2005},
  Lastvisit                = {20 December 2016},
  Owner                    = {Mads},
  Timestamp                = {2016.12.20},
  Url                      = {http://homepages.which.net/~paul.hills/SpeedControl/SpeedControllersBody.html}
}

@Misc{web:RocketStructure,
  Title                    = {Rocket Structure},

  Author                   = {NASA},
  Year                     = {2015},

  Lastupdate               = {5 Ocotober 2005},
  Lastvisit                = {20 December 2016},
  Owner                    = {Mathias},
  Timestamp                = {2017.02.13},
  Url                      = {https://spaceflightsystems.grc.nasa.gov/education/rocket/rockpart.html}
}

